101 031908485 5103453022212061316A094101Bryn Mawr Trust CompanyFairmount Automation   REF00001
5200Fairmount Automa                     510345302PPDReferenceX211230221208   1031908480000001
6220319084859324372          0000000133111-22-3333    Andres Lebaudy          0031908480000001
82000000010003190848000000000000000000000133 510345302                         031908480000001
5200Fairmount Automa                     510345302PPDReferenceY211230221208   1031908480000002
6220319084859324372          0000000267111-22-3333    Andres Lebaudy          0031908480000002
82000000010003190848000000000000000000000267 510345302                         031908480000002
5200Fairmount Automa                     510345302PPDReferenceZ211230221208   1031908480000003
6220319084859324372          0000000700111-22-3333    Andres Lebaudy          0031908480000003
82000000010003190848000000000000000000000700 510345302                         031908480000003
9000003000002000000030009572544000000000000000000001100
9999999999999999999999999999999999999999999999999999999999999999999999999999999999999999999999
9999999999999999999999999999999999999999999999999999999999999999999999999999999999999999999999
9999999999999999999999999999999999999999999999999999999999999999999999999999999999999999999999
9999999999999999999999999999999999999999999999999999999999999999999999999999999999999999999999
9999999999999999999999999999999999999999999999999999999999999999999999999999999999999999999999
9999999999999999999999999999999999999999999999999999999999999999999999999999999999999999999999
9999999999999999999999999999999999999999999999999999999999999999999999999999999999999999999999
9999999999999999999999999999999999999999999999999999999999999999999999999999999999999999999999
9999999999999999999999999999999999999999999999999999999999999999999999999999999999999999999999
